



@Misc{mininet.download,
  OPTkey = 	 {},
  author =	 "{Mininet Team}",
  title =	 "{Download/Get Started With Mininet}",
  howpublished = {\url{http://mininet.org/download}},
  OPTmonth = 	 {},
  OPTyear = 	 {},
  OPTnote = 	 {},
  OPTannote = 	 {}
}


@Misc{openflow.wp.old,
  OPTkey = 	 {},
  author =	 {Nick McKeown and Tom Anderson and Hari Balakrishnan and Guru Parulkar and Larry Peterson and Jennifer Rexford and Scott Shenker and Jonathan Turner},
  title =	 "{OpenFlow: Enabling Innovation in Campus Networks}",
  howpublished = {\url{http://www.openflow.org/documents/openflow-wp-latest.pdf}},
  OPTmonth = 	 {},
  OPTyear = 	 {},
  OPTnote = 	 {},
  OPTannote = 	 {}
}

@Misc{d3.symbol,
  OPTkey = 	 {},
  author =	 {},
  title =	 "{D3.Symbol}",
  howpublished = {\url{https://github.com/d3/d3/blob/master/API.md#symbols}},
  OPTmonth = 	 {},
  OPTyear = 	 {},
  OPTnote = 	 {},
  OPTannote = 	 {}
}


@article{how.to.read,
 author = {Keshav, S.},
 title = {How to read a paper},
 journal = {SIGCOMM Comput. Commun. Rev.},
 issue_date = {July 2007},
 volume = {37},
 number = {3},
 month = jul,
 year = {2007},
 issn = {0146-4833},
 pages = {83--84},
 numpages = {2},
 url = {http://doi.acm.org/10.1145/1273445.1273458},
 doi = {10.1145/1273445.1273458},
 acmid = {1273458},
 publisher = {ACM},
 address = {New York, NY, USA},
 keywords = {hints, paper, reading},
} 
