@online{idiap, 
		title = {TED dataset},
        date = {2016},
        author = {Nikolaos Pappas},
        howpublished = "\url{https://www.idiap.ch/dataset/ted}",
    } 
Scrapy} (\url{https://scrapy.org/})
@online{scrapy, 
		title = {Scrapy},
		date = {2017},
        howpublished = "\url{https://scrapy.org/}",
    } 
@online{pandas, 
		title = {Pandas},
        date = {2017},
        howpublished = "\url{http://pandas. pydata.org/}",
    } 

@online{js6, 
title = {\url{https://www.youtube.com/watch?v=hO7mzO83N1Q}, JavaScript Patterns for 2017, },
        date = {2017},
        organization = {Youtube},
        author = {Scott Allen},
        url = {\url{https://www.youtube.com/watch?v=hO7mzO83N1Q}},
    }

@online{prework, 
		title = {Visualization of TED tals on Tableau},
        date = {2016},
        author = {Sean Miller},
        howpublished = "\url{https://public.tableau.com/views/TEDTalks-IdeasWorthSharing/TED-IdeasWorthSpreading?:embed=y&:display_count=yesTED-IdeasWorthSpreading?:embed=y&:display_count=yes&:showVizHome=no}",
    }    
